@article{pregled,
	author   = {Stanis≈Çaw P. Radziszowski},
	title    = {Small Ramsey Numbers},
	journal  = {http://www.combinatorics.org},
	date     = {2017},
	keywords = {trusted},
	pages = {"52--55"},
}
@article{HGremzibroj,
	author   = {Brendan D. McKay, Stanislaw P. Radziszowski},
	title    = {The First Classical Ramsey Number for Hypergraphs is Computed},
	journal  = { InProceedings of the second annual ACM-SIAM symposium on Discrete algorithms (SODA '91},
	date     = {1991},
	keywords = {trusted},
}
@article{HGremzibroj,
	author   = {Mark Budden, Matthew Stender, Yanbo Zhang},
	title    = {WEAKENED RAMSEY NUMBERS AND THEIR HYPERGRAPH ANALOGUES},
	journal  = {},
	date     = {2017},
	keywords = {trusted},
}